@STRING{LNCS = {LNCS}}
@STRING{SV = {Springer}}

@article{1969-Hoare,
  author        = {C. A. R. Hoare},
  title         = {An Axiomatic Basis for Computer Programming},
  journal       = {Commun. ACM},
  issue_date    = {Oct. 1969},
  volume        = {12},
  number        = {10},
  month         = {oct},
  year          = {1969},
  issn          = {0001-0782},
  pages         = {576-580},
  numpages      = {5},
  note          = {\url{http://doi.acm.org/10.1145/363235.363259}},
  url           = {http://doi.acm.org/10.1145/363235.363259},
  doi           = {10.1145/363235.363259},
  acmid         = {363259},
  publisher     = {ACM}
}

@article{2007-Blazy-C-chronique,
  author        = {Sandrine Blazy},
  title         = {Comment gagner confiance en {C} ?},
  journal       = {Technique et Science Informatiques},
  year          = {2007},
  volume        = {26},
  number        = {9},
  pages         = {1195-1200},
  note          = {\url{http://hal.inria.fr/inria-00292049/}},
  hal           = {http://hal.inria.fr/inria-00292049/},
  pubkind       = {journal-fr-mono}
}

@article{Leroy-backend,
  author        = {Xavier Leroy},
  title         = {A formally verified compiler back-end},
  journal       = {Journal of Automated Reasoning},
  volume        = {43},
  number        = {4},
  pages         = {363--446},
  year          = {2009},
  note          = {\url{http://gallium.inria.fr/~xleroy/publi/compcert-backend.pdf}},
  urlpublisher  = {http://dx.doi.org/10.1007/s10817-009-9155-4},
  hal           = {http://hal.inria.fr/inria-00360768/},
  pubkind       = {journal-int-mono}
}

@article{Blazy-Leroy-Clight-09,
  author        = {Sandrine Blazy and Xavier Leroy},
  title         = {Mechanized semantics for the {Clight}
                         subset of the {C} language},
  year          = {2009},
  journal       = {Journal of Automated Reasoning},
  volume        = {43},
  number        = {3},
  pages         = {263-288},
  note          = {\url{http://gallium.inria.fr/~xleroy/publi/Clight.pdf}},
  hal           = {http://hal.inria.fr/inria-00352524/},
  urlpublisher  = {http://dx.doi.org/10.1007/s10817-009-9148-3}
}

@inproceedings{ BGJ+15,
  author        = {Daniel J. Bernstein and Bernard van Gastel and Wesley Janssen and Tanja Lange and Peter Schwabe and Sjaak Smetsers},
  title         = {{TweetNaCl}: A crypto library in 100 tweets},
  booktitle     = {Progress in Cryptology -- {LATINCRYPT 2014}},
  editor        = {Diego Aranha and Alfred Menezes},
  publisher     = SV,
  series        = LNCS,
  volume        = {8895},
  year          = {2015},
  pages         = {64--83},
  note          = {Document ID: c74b5bbf605ba02ad8d9e49f04aca9a2, \url{http://cryptojedi.org/papers/\#tweetnacl}},
}

VeriSmall: Verified Smallfoot Shape Analysis, by Andrew W. Appel. In CPP 2011: First International Conference on Certified Programs and Proofs, Springer LNCS 7086, pp. 231-246, December 2011.

@inproceedings{2012-Appel,
  author        = {Andrew W. Appel},
  title         = {Verified Software Toolchain},
  booktitle     = {{NASA} Formal Methods - 4th International Symposium, {NFM} 2012, Norfolk,
                VA, USA, April 3-5, 2012. Proceedings},
  editor        = {Alwyn Goodloe and Suzette Person},
  publisher     = SV,
  series        = LNCS,
  volume        = {7226},
  year          = {2012},
  pages         = {2},
  note          = {\url{https://doi.org/10.1007/978-3-642-28891-3_2}},
  url           = {https://doi.org/10.1007/978-3-642-28891-3_2},
  doi           = {10.1007/978-3-642-28891-3_2},
}


@article{2015-Appel,
  author        = {Andrew W. Appel},
  title         = {Verification of a Cryptographic Primitive: SHA-256},
  journal       = {ACM Trans. Program. Lang. Syst.},
  issue_date    = {April 2015},
  volume        = {37},
  number        = {2},
  month         = apr,
  year          = {2015},
  issn          = {0164-0925},
  pages         = {7:1--7:31},
  articleno     = {7},
  numpages      = {31},
  note          = {\url{http://doi.acm.org/10.1145/2701415}},
  url           = {http://doi.acm.org/10.1145/2701415},
  doi           = {10.1145/2701415},
  acmid         = {2701415},
  publisher     = {ACM},
}

@misc{coq-faq,
  title         = {{The Coq Proof Assistant} -- {Frequently Asked Questions}},
  note          = {\url{https://coq.inria.fr/faq}}
}





@misc{BSV15,
  author        = {Daniel J. Bernstein and Peter Schwabe and Gilles Van Assche},
  title         = {Tweetable {FIPS} 202},
  year          = {2015},
  note          = {\url{http://keccak).noekeon.org/tweetfips202.html} (accessed 2016-03-21)}
}

@misc{LHT16,
  author        = {Adam Langley and Michael Hamburg and Sean Turner},
  title         = {{RFC} 7748: Elliptic Curves for Security},
  year          = {2016},
  note          = {\url{https://www.rfc-editor.org/rfc/rfc7748.txt}},
}

@article{GK14,
  author        = {Shay Gueron and Vlad Krasnov},
  title         = {Fast prime field elliptic-curve cryptography with 256-bit primes},
  journal       = {Journal of Cryptographic Engineering},
  volume        = {5},
  number        = {2},
  year          = {2014},
  pages         = {141--151},
  note          = {\url{https://eprint.iacr.org/2013/816/}},
}

@inproceedings{Ber06,
  author        = {Daniel J. Bernstein},
  title         = {Curve25519: new {D}iffie-{H}ellman speed records},
  booktitle     = {Public Key Cryptography -- {PKC 2006}},
  editor        = {Moti Yung and Yevgeniy Dodis and Aggelos Kiayias and Tal Malkin},
  publisher     = SV,
  series        = LNCS,
  volume        = {3958},
  year          = {2006},
  pages         = {207--228},
  note          = {\url{http://cr.yp.to/papers.html\#curve25519}},
}

@misc{tor,
  key           = {Tor},
  title         = {Tor Project: Anonymity Online},
  note          = {\url{https://www.torproject.org/}},
}

@misc{agl14,
  author        = {Adam Langley},
  title         = {{TLS} Symmetric Crypto},
  howpublished  = {Blog post on imperialviolet.org},
  year          = {2014},
  note          = {\url{https://www.imperialviolet.org/2014/02/27/tlssymmetriccrypto.html} (accessed 2015-10-07)},
}

@misc{ietf,
  author        = {Adam Langley and Wan-Teh Chang},
  title         = {{ChaCha20} and {Poly1305} based Cipher Suites for {TLS}: Internet Draft},
  note          = {\url{https://tools.ietf.org/html/draft-agl-tls-chacha20poly1305-04} (accessed 2015-02-01)},
}


@inproceedings{Ber08,
  author        = {Daniel J. Bernstein},
  title         = {{ChaCha}, a variant of {Salsa20}},
  booktitle     = {Workshop Record of {SASC 2008}: The State of the Art of Stream Ciphers},
  year          = {2008},
  note          = {\url{http://cr.yp.to/papers.html\#chacha}},
}


@inproceedings{Bar87,
  author        = {Paul Barrett},
  title         = {Implementing the {Rivest} {Shamir} and {Adleman} Public Key Encryption Algorithm on a Standard Digital Signal Processor},
  booktitle     = {Advances in Cryptology -- {CRYPTO '86}},
  editor        = {Andrew M. Odlyzko},
  series        = {Lecture Notes in Computer Science},
  publisher     = {Springer-Verlag Berlin Heidelberg},
  volume        = {263},
  year          = {1987},
  pages         = {311--323},
}

@article{Mon85,
  author        = {Peter L. Montgomery},
  title         = {Modular Multiplication Without Trial Division},
  journal       = {Mathematics of Computation},
  publisher     = {American Mathematical Society},
  year          = {1985},
  volume        = {44},
  number        = {170},
  pages         = {519--521},
  note          = {\url{http://www.ams.org/journals/mcom/1985-44-170/S0025-5718-1985-0777282-X/S0025-5718-1985-0777282-X.pdf}},
}

@misc{ebacs,
  author        = {Daniel J. Bernstein and Tanja Lange},
  title         = {{eBACS}: {ECRYPT} Benchmarking of Cryptographic Systems},
  note          = {\url{http://bench.cr.yp.to} (accessed 2015-10-07)},
}

@inproceedings{Bernstein2015sphincs,
  author        = {Daniel J. Bernstein and Daira Hopwood and Andreas H{\"{u}}lsing and Tanja Lange and Ruben Niederhagen and
                  Louiza Papachristodoulou and Michael Schneider and Peter Schwabe and Zooko Wilcox{-}O'Hearn},
  title         = {{SPHINCS:} Practical Stateless Hash-Based Signatures},
  booktitle     = {Advances in Cryptology -- {EUROCRYPT 2015}},
	editor        = {Elisabeth Oswald and Marc Fischlin},
  publisher     = SV,
	series        = LNCS,
  volume        = {9056},
  year          = {2015},
	pages         = {368--397},
  note          = {\url{https://cryptojedi.org/papers/\#sphincs}},
}

@misc{Gue14,
  author        = {Shay Gueron},
  title         = {Parallelized hashing via j-lanes and j-pointers tree modes, with applications to {SHA-256}},
  howpublished  = {{IACR} Cryptology ePrint Archive report 2014/170},
  year          = {2014},
  note          = {\url{https://eprint.iacr.org/2014/170}},
}

@misc{bernstein2014bada55,
  author        = {Daniel J. Bernstein and Tung Chou and  Chitchanok Chuengsatiansup and Andreas H{\"u}lsing and Tanja Lange and Ruben Niederhagen and Christine van Vredendaal},
  title         = {How to manipulate curve standards: a white paper for the black hat},
  howpublished  = {{IACR} Cryptology ePrint Archive report 2014/571},
  year          = {2014},
  note          = {\url{http://eprint.iacr.org/2014/571/}}
}

@inproceedings{BCLS14,
  author        = {Daniel J. Bernstein and Chitchanok Chuengsatiansup and Tanja Lange and Peter Schwabe},
  title         = {Kummer strikes back: new {DH} speed records},
  booktitle     = {Advances in Cryptology -- {EUROCRYPT 2015}},
  editor        = {Tetsu Iwata and Palash Sarkar},
  publisher     = SV,
  series        = LNCS,
  volume        = {8873},
  year          = {2014},
  pages         = {317--337},
  note          = {full version: \url{http://cryptojedi.org/papers/\#kummer}},
}

@inproceedings{GS66,
  author        = {W. M. Gentleman and G. Sande},
  title         = {Fast {Fourier} Transforms: for fun and profit},
  booktitle     = {Fall Joint Computer Conference},
  series        = {AFIPS Proceedings},
  volume        = {29},
  year          = {1966},
  pages         = {563--578},
  note          = {\url{http://cis.rit.edu/class/simg716/FFT_Fun_Profit.pdf}},
}

@misc{fips202,
  author        = {{{National Institute of Standards and Technology}}},
  title         = {{FIPS PUB 202} -- {SHA-3} Standard: Permutation-Based Hash and Extendable-Output Functions},
  year          = {2015},
  note          = {\url{http://nvlpubs.nist.gov/nistpubs/FIPS/NIST.FIPS.202.pdf}},
}

@inproceedings{AG11,
  author        = {Sanjeev Arora and Rong Ge},
  title         = {New algorithms for learning in presence of errors},
  booktitle     = {Automata, Languages and Programming},
  editor        = {Luca Aceto and Monika Henzingeri and Ji\v{r}\'i Sgall},
  publisher     = SV,
  series        = LNCS,
  volume        = {6755},
  year          = {2011},
  pages         = {403--415},
  note          = {\url{https://www.cs.duke.edu/~rongge/LPSN.pdf}},
}

@inproceedings{ LPR10,
  author        = {Vadim Lyubashevsky and Chris Peikert and Oded Regev},
  title         = {On Ideal Lattices and Learning with Errors over Rings},
  booktitle     = {Advances in Cryptology -- {EUROCRYPT 2010}},
  editor        = {Henri Gilbert},
  publisher     = SV,
  series        = LNCS,
  volume        = {6110},
  year          = {2010},
  pages         = {1--23},
  note          = {\url{http://www.di.ens.fr/~lyubash/papers/ringLWE.pdf}},
}

@inproceedings{GOPS13,
  author        = {Tim G\"uneysu and Tobias Oder and Thomas P\"oppelmann and Peter Schwabe},
  title         = {Software speed records for lattice-based signatures},
  booktitle     = {Post-Quantum Cryptography},
  editor        = {Philippe Gaborit},
  publisher     = SV,
  series        = LNCS,
  volume        = {7932},
  year          = {2013},
  pages         = {67--82},
  note          = {\url{http://cryptojedi.org/papers/\#lattisigns}},
}

@inproceedings{hoffstein1998ntru,
  author        = {Jeffrey Hoffstein and Jull Pipher and Joseph H. Silverman},
  title         = {{NTRU:} A ring-based public key cryptosystem},
  booktitle     = {Algorithmic number theory},
  editor        = {Joe P. Buhler},
  publisher     = SV,
  series        = LNCS,
  volume        = {1423},
  year          = {1998},
  pages         = {267--288},
  note          = {\url{https://www.securityinnovation.com/uploads/Crypto/ANTS97.ps.gz}},
}

@inproceedings{stehle2011ntru,
  author        = {Damien Stehl{\'e} and Ron Steinfeld},
  title         = {Making {NTRU} as secure as worst-case problems over ideal lattices},
  booktitle     = {Advances in Cryptology -- {EUROCRYPT 2011}},
  editor        = {Kenneth G. Paterson},
  publisher     = SV,
  series        = LNCS,
  volume        = {6632},
  year          = {2011},
  pages         = {27--47},
  note          = {\url{http://www.iacr.org/archive/eurocrypt2011/66320027/66320027.pdf}},
}

@article{lyubashevsky2013RLWE,
  author        = {Vadim Lyubashevsky and Chris Peikert and Oded Regev},
  title         = {On ideal lattices and learning with errors over rings},
  journal       = {Journal of the ACM (JACM)},
  publisher     = {ACM},
  volume        = {60},
  number        = {6},
  year          = {2013},
  pages         = {43:1--43:35},
  note          = {\url{http://www.cims.nyu.edu/~regev/papers/ideal-lwe.pdf}},
}

@inproceedings{ducas2013bliss,
  author        = {L{\'e}o Ducas and Alain Durmus and Tancr{\`e}de Lepoint and Vadim Lyubashevsky},
  title         = {Lattice signatures and bimodal {Gaussians}},
  booktitle     = {Advances in Cryptology -- {CRYPTO 2013}},
  editor        = {Ran Canetti and Juan A. Garay},
  publisher     = SV,
  series        = LNCS,
  volume        = {8042},
  pages         = {40--56},
  year          = {2013},
  note          ={\url{https://eprint.iacr.org/2013/383/}},
}

@inproceedings{hoffstein2014pass,
  author        = {Jeff Hoffstein and Jill Pipher and John M. Schanck and Joseph H. Silverman and William Whyte},
  title         = {Practical signatures from the partial {Fourier} recovery problem},
  booktitle     = {Applied Cryptography and Network Security},
  editor        = {Ioana Boureanu and Philippe Owesarski and Serge Vaudenay},
  publisher     = SV,
  series        = LNCS,
  volume        = {8479},
  year          = {2014},
  pages         = {476--493},
  note          = {\url{https://eprint.iacr.org/2013/757/}},
}

@inproceedings{bos2014PQTLS,
  author        = {Joppe W. Bos and Craig Costello and Michael Naehrig and Douglas Stebila},
  title         = {Post-quantum key exchange for the {TLS} protocol from the ring learning with errors problem},
  booktitle     = {2015 {IEEE} Symposium on Security and Privacy},
  year          = {2015},
  pages         = {553--570},
  note          = {\url{http://eprint.iacr.org/2014/599}},
}


@inproceedings{peikert2014internet,
  author        = {Chris Peikert},
  title         = {Lattice cryptography for the {Internet}},
  booktitle     = {Post-Quantum Cryptography},
  editor        = {Michele Mosca},
  publisher     = SV,
  series        = LNCS,
  volume        = {8772},
  year          = {2014},
  pages         = {197--219},
  note          = {\url{http://web.eecs.umich.edu/~cpeikert/pubs/suite.pdf}},
}

@article{diffie1976new,
  author        = {Whitfield Diffie and Martin E. Hellman},
  title         = {New Directions in Cryptography},
  journal       = {IEEE Transactions on Information Theory},
  volume        = {IT-22},
  number        = {6},
  year          = {1976},
  pages         = {644--654},
  note          = {\url{http://www-ee.stanford.edu/\%7Ehellman/publications/24.pdf}},
}

@inproceedings{lyubashevsky2012signature,
  author        = {Vadim Lyubashevsky},
  title         = {Lattice signatures without trapdoors},
  booktitle     = {Advances in Cryptology -- {EUROCRYPT 2012}},
  editor        = {David Pointcheval and Thomas Johansson},
  publisher     = SV,
  series        = LNCS,
  volume        = {7237},
  year          = {2012},
  pages         = {738--755},
  note          = {\url{https://eprint.iacr.org/2011/537/}},
}

@inproceedings{gentry2008trapdoors,
  author        = {Craig Gentry and Chris Peikert and Vinod Vaikuntanathan},
  title         = {Trapdoors for hard lattices and new cryptographic constructions},
  booktitle     = {STOC '08 Proceedings of the fortieth annual {ACM} symposium on Theory of computing},
  publisher     = {{ACM}},
  year          = {2008},
  pages         = {197--206},
  note          = {\url{https://eprint.iacr.org/2007/432/}},
}

@inproceedings{micciancio2013small,
  author        = {Daniele Micciancio and Chris Peikert},
  title         = {Hardness of {SIS} and {LWE} with small parameters},
  booktitle     = {Advances in Cryptology -- {CRYPTO 2013}},
  editor        = {Ran Canetti and Juan A. Garay},
  publisher     = SV,
  series        = LNCS,
  volume        = {8042},
  pages         = {21--39},
  year          = {2013},
  note          = {\url{https://eprint.iacr.org/2013/069/}},
}

@inproceedings{dottling2013lossy,
  author        = {D{\"o}ttling, Nico and M{\"u}ller-Quade, J{\"o}rn},
  title         = {Lossy codes and a new variant of the learning-with-errors problem},
  booktitle     = {Advances in Cryptology -- {EUROCRYPT 2013}},
  editor        = {Thomas Johansson and Phong Q. Nguyen},
  publisher     = SV,
  series        = LNCS,
  volume        = {7881},
  year          = {2013},
  pages         = {18--34},
  note          = {\url{http://www.iacr.org/archive/eurocrypt2013/78810018/78810018.pdf}},
}

@inproceedings{bertoni2013keccak,
  author        = {Guido Bertoni and Joan Daemen and Micha{\"e}l Peeters and Gilles Van Assche},
  title         = {Keccak},
  booktitle     = {Advances in Cryptology -- {EUROCRYPT 2013}},
  editor        = {Thomas Johansson and Phong Q. Nguyen},
  publisher     = SV,
  series        = LNCS,
  volume        = {7881},
  year          = {2013},
  pages         = {313--314},
}

@inproceedings{bai2015renyi,
  author        = {Shi Bai and Adeline Langlois and Tancr{\`e}de Lepoint and Damien Stehl\'e and Ron Steinfeld},
  title         = {Improved security proofs in lattice-based cryptography: using the {R\'enyi} divergence rather than the statistical distance},
  booktitle     = {Advances in Cryptology -- {ASIACRYPT 2015}},
  editor        = {Tetsu Iwata and Jung Hee Cheon},
  publisher     = SV,
  series        = LNCS,
  year          = {2015},
  note          = {\url{http://eprint.iacr.org/2015/483/}},
}

@inproceedings{rrnyi1961measures,
  author        = {R\'enyi, Alfr\'ed},
  title         = {On measures of entropy and information},
  booktitle     = {Fourth Berkeley symposium on mathematical statistics and probability},
  volume        = {1},
  year          = {1961},
  pages         = {547--561},
  note          = {\url{http://projecteuclid.org/ euclid.bsmsp/1200512181}},
}

@inproceedings{zhang2015Kex,
  author        = {Jiang Zhang and Zhenfeng Zhang and Jintai Ding and Michael Snook and {\"{O}}zg{\"{u}}r Dagdelen},
  title         = {Authenticated Key Exchange from Ideal Lattices},
  booktitle     = {Advances in Cryptology -- {EUROCRYPT 2015}},
  editor        = {Elisabeth Oswald and Marc Fischlin},
  publisher     = SV,
  series        = LNCS,
  volume        = {9057},
  year          = {2015},
  pages         = {719--751},
  note          = {\url{https://eprint.iacr.org/2014/589/}},
}

@inproceedings{Poppelmann2013hwrlwe,
  author        = {Thomas P{\"{o}}ppelmann and Tim G{\"{u}}neysu},
  title         = {Towards Practical Lattice-Based Public-Key Encryption on Reconfigurable Hardware},
  booktitle     = {Selected Areas in Cryptography -- {SAC 2013}},
  editor        = {Tanja Lange and Kristin Lauter and Petr Lison\v{e}k},
  publisher     = SV,
  series        = LNCS,
  volume        = {8282},
  pages         = {68--85},
  year          = {2013},
  note          = {\url{https://www.ei.rub.de/media/sh/veroeffentlichungen/2013/08/14/lwe_encrypt.pdf}},
}

@inproceedings{Clercq2015swrlwe,
  author        = {Ruan de Clercq and Sujoy Sinha Roy and Frederik Vercauteren and Ingrid Verbauwhede},
  title         = {Efficient software implementation of {ring-LWE} encryption},
  booktitle     = {Design, Automation {\&} Test in Europe Conference {\&} Exhibition, {DATE} 2015},
  publisher     = {EDA Consortium},
  year          = {2015},
  pages         = {339--344},
  note          = {\url{http://eprint.iacr.org/2014/725}},
}

@inproceedings{roy2014processor,
  author        = {Sujoy Sinha Roy and Frederik Vercauteren and Nele Mentens and Donald Donglong Chen and Ingrid Verbauwhede},
  title         = {Compact {Ring-LWE} Cryptoprocessor},
  booktitle     = {Cryptographic Hardware and Embedded Systems -- {CHES 2014}},
  editor        = {Lejla Batina and Matthew Robshaw },
  publisher     = SV,
  series        = LNCS,
  volume        = {8731},
  pages         = {371--391},
  year          = {2014},
  note          = {\url{https://eprint.iacr.org/2013/866/}},
}

@inproceedings{liu2015avrlwe,
  author        = {Zhe Liu and Hwajeong Seo and Sujoy Sinha Roy and Johann Gro{\ss}sch{\"{a}}dl and Howon Kim and Ingrid Verbauwhede},
  title         = {Efficient {Ring-LWE} Encryption on 8-Bit {AVR} Processors},
  booktitle     = {Cryptographic Hardware and Embedded Systems - {CHES 2015}},
	editor        = {Tim G{\"{u}}neysu and Helena Handschuh},
  publisher     = SV,
  series        = LNCS,
  volume        = {9293},
  year          = {2015},
  pages         = {663--682},
  note          = {\url{https://eprint.iacr.org/2015/410/}},
}

@inproceedings{CFN+14,
  author        = {Stephen Checkoway and Matthew Fredrikson and Ruben Niederhagen and Adam Everspaugh and Matthew Green and
                   Tanja Lange and Thomas Ristenpart and Daniel J. Bernstein and Jake Maskiewicz and Hovav Shacham},
  title         = {On the practical exploitability of {Dual EC} in {TLS} implementations},
  booktitle     = {Proceedings of the 23rd USENIX security symposium},
  year          = {2014},
  note          = {\url{https://projectbullrun.org/dual-ec/index.html}},
}

@article{babai1986lovasz,
  author        = {Babai, L{\'a}szl{\'o}},
  title         = {On {Lov{\'a}sz’} lattice reduction and the nearest lattice point problem},
  journal       = {Combinatorica},
  volume        = {6},
  number        = {1},
  year          = {1986},
  pages         = {1--13},
  note          = {\url{http://www.csie.nuk.edu.tw/~cychen/Lattices/On\%20lovasz\%20lattice\%20reduction\%20and\%20the\%20nearest\%20lattice\%20point\%20problem.pdf}},
}

@inproceedings{RSA:BaiGal14,
  author        = {Shi Bai and Steven D. Galbraith},
  title         = {An Improved Compression Technique for Signatures Based on Learning with Errors},
  booktitle     = {Topics in Cryptology -- {CT-RSA 2014}},
  editor        = {Josh Benaloh},
  publisher     = SV,
  series        = LNCS,
  volume        = {8366},
  year          = {2014},
  pages         = {28--47},
  note          = {\url{https://eprint.iacr.org/2013/838/}},
}

@misc{ding2012eprint,
  author        = {Jintai Ding},
  title         = {New cryptographic constructions using generalized learning with errors problem},
  howpublished  = {{IACR} Cryptology ePrint Archive report 2012/387},
  year          = {2012},
  note          = {\url{http://eprint.iacr.org/2012/387}},
}

@misc{Melchor2014expire,
  author        = {Carlos Aguilar Melchor and Joris Barrier and Laurent Fousse and Marc{-}Olivier Killijian},
  title         = {{XPIRe}: Private Information Retrieval for Everyone},
  howpublished  = {{IACR} Cryptology ePrint Archive report 2014/1025},
  year          = {2014},
	note          = {\url{http://eprint.iacr.org/2014/1025}}
}

@misc{ghosh2015lwetor,
  author        = {Satrajit Ghosh and Aniket Kate},
  title         = {Post-Quantum Secure Onion Routing (Future Anonymity in Today's Budget)},
  howpublished  = {{IACR} Cryptology ePrint Archive report 2015/008},
  year          = {2015},
  note          = {\url{http://eprint.iacr.org/2015/008}},
}

@inproceedings{Fujioka2013authkex,
  author        = {Atsushi Fujioka and Koutarou Suzuki and Keita Xagawa and Kazuki Yoneyama},
  title         = {Practical and post-quantum authenticated key exchange from one-way secure key encapsulation mechanism},
  booktitle     = {Symposium on Information, Computer and Communications Security, {ASIA CCS 2013}},
	editor        = {Kefei Chen and Qi Xie and Weidong Qiu and Ninghui Li and Wen{-}Guey Tzeng},
  publisher     = {ACM},
  year          = {2013},
  pages         = {83--94},
}

@article{dwarakanath2014sampling,
  author        = {Nagarjun C. Dwarakanath and Steven D. Galbraith},
  title         = {Sampling from discrete {Gaussians} for lattice-based cryptography on a constrained device},
  journal       = {Applicable Algebra in Engineering, Communication and Computing},
  volume        = {25},
  number        = {3},
  year          = {2014},
  pages         = {159--180},
  note          = {\url{https://www.math.auckland.ac.nz/~sgal018/gen-gaussians.pdf}},
}

@inproceedings{dagdelen2013fiatquantum,
  author        = {{\"{O}}zg{\"{u}}r Dagdelen and Marc Fischlin and Tommaso Gagliardoni},
  title         = {The {Fiat-Shamir} Transformation in a Quantum World},
  booktitle     = {Advances in Cryptology - {ASIACRYPT 2013}},
  editor        = {Kazue Sako and Palash Sarkar},
	series        = LNCS,
  publisher     = SV,
  volume        = {8270},
  year          = {2013},
  pages         = {62--81},
  note          = {\url{https://eprint.iacr.org/2013/245/}},
}

@inproceedings{Poppelmann2014hwbliss,
  author        = {Thomas P{\"{o}}ppelmann and L{\'{e}}o Ducas and Tim G{\"{u}}neysu},
  title         = {Enhanced Lattice-Based Signatures on Reconfigurable Hardware},
  booktitle     = {Cryptographic Hardware and Embedded Systems -- {CHES 2014}},
	editor        = {Lejla Batina and Matthew Robshaw},
  series        = LNCS,
  publisher     = SV,
  volume        = {8731},
  year          = {2014},
  pages         = {353--370},
  note          = {\url{https://eprint.iacr.org/2014/254/}},
}

@inproceedings{Gottert2012biglwe,
  author        = {Norman G{\"{o}}ttert and Thomas Feller and Michael Schneider and Johannes A. Buchmann and Sorin A. Huss},
  title         = {On the Design of Hardware Building Blocks for Modern Lattice-Based Encryption Schemes},
  booktitle     = {Cryptographic Hardware and Embedded Systems - {CHES 2012}},
	editor        = {Emmanuel Prouff and Patrick Schaumont},
  publisher     = SV,
	series        = LNCS,
  volume        = {7428},
  year          = {2012},
  pages         = {512--529},
  note          = {\url{http://www.iacr.org/archive/ches2012/74280511/74280511.pdf}},
}

@book{ChGeFftBlackBox00,
  author        = {Eleanor Chu and Alan George},
  title         = {Inside the {FFT} Black Box Serial and Parallel Fast {Fourier} Transform Algorithms},
  booktitle     = {Inside the FFT Black Box. Serial and Parallel Fast Fourier Transform Algorithms.},
  publisher     = {CRC Press, Boca Raton, FL, USA},
  year          = {2000},
}

@inproceedings{lindner2011lweattack,
  author        = {Richard Lindner and Chris Peikert},
  title         = {Better Key Sizes (and Attacks) for {LWE}-Based Encryption},
  booktitle     = {Topics in Cryptology - {CT-RSA 2011}},
	editor        = {Aggelos Kiayias},
  publisher     = SV,
  series        = LNCS,
  volume        = {6558},
  year          = {2011},
  pages         = {319--339},
  note          = {\url{https://eprint.iacr.org/2010/613/}},
}

@inproceedings{ABD+15,
  author        = {David Adrian and Karthikeyan Bhargavan and Zakir Durumeric and Pierrick Gaudry and
                  Matthew Green and J. Alex Halderman and Nadia Heninger and Drew Springall and
                  Emmanuel Thom{\'{e}} and Luke Valenta and Benjamin VanderSloot and Eric Wustrow and
                  Santiago Zanella B{\'{e}}guelin and Paul Zimmermann},
  title         = {Imperfect Forward Secrecy: How {Diffie-Hellman} Fails in Practice},
  booktitle     = {CCS '15 Proceedings of the 22nd ACM SIGSAC Conference on Computer and Communications Security},
  publisher     = {ACM},
	year          = {2015},
  pages         = {5--17},
  note          = {\url{https://weakdh.org/}},
}

@misc{hanrot2011terminating,
  author        = {Guillaume Hanrot and Xavier Pujol and Damien Stehl\'eé},
  title         = {Terminating {BKZ}},
  howpublished  = {{IACR} Cryptology ePrint Archive report 2011/198},
  year          = {2011},
  note          = {\url{http://eprint.iacr.org/2011/198/}}
}

@misc{albrecht2015concrete,
  author        = {Albrecht, Martin R and Player, Rachel and Scott, Sam},
  title         = {On the concrete hardness of Learning with Errors},
  howpublished  = {{IACR} Cryptology ePrint Archive report 2015/046},
	year          = {2015},
  note          = {\url{http://eprint.iacr.org/2015/046/}}
}

@misc{galbraith2013space,
  author        = {Steven D. Galbraith},
  title         = {Space-efficient variants of cryptosystems based on learning with errors},
  year          = {2013},
  note          = {\url{https://www.math.auckland.ac.nz/~sgal018/compact-LWE.pdf}},
}

@article{nussbaumer1980fast,
  author        = {Henri J. Nussbaumer},
  title         = {Fast polynomial transform algorithms for digital convolution},
  journal       = {IEEE Transactions on Acoustics, Speech and Signal Processing},
  publisher     = {IEEE},
  volume        = {28},
  number        = {2},
  year          = {1980},
  pages         = {205--215},
}

@inproceedings{gama2010pruning,
  author        = {Gama, Nicolas and Nguyen, Phong Q and Regev, Oded},
  title         = {Lattice enumeration using extreme pruning},
  booktitle     = {Advances in Cryptology -- {EUROCRYPT 2010}},
  editor        = {Henri Gilbert},
  publisher     = SV,
  series        = LNCS,
  volume        = {6110},
  year          = {2010},
  pages         = {257--278},
  note          = {\url{http://www.iacr.org/archive/eurocrypt2010/66320257/66320257.pdf}},
}

@misc{NSA_Suiteb,
  author        = {{National Security Agency}},
  title         = {{NSA} Suite {B} Cryptography},
  note          = {\url{https://www.nsa.gov/ia/programs/suiteb_cryptography/}, Updated on August 19, 2015}
}

@inproceedings{gentry2009fhe,
  author        = {Craig Gentry},
  title         = {Fully homomorphic encryption using ideal lattices},
  booktitle     = {STOC '09 Proceedings of the forty-first annual {ACM} symposium on Theory of computing},
  publisher     = {{ACM}},
  year          = {2009},
  pages         = {169--178},
  note          = {\url{https://www.cs.cmu.edu/~odonnell/hits09/gentry-homomorphic-encryption.pdf}},
}

@misc{cade2013fplll,
  author        = {Cad{\'e}, David and Pujol, Xavier and Stehl{\'e}, Damien},
  title         = {fplll 4.0.4},
  year          = {2013},
  note          = {\url{https://github.com/dstehle/fplll} (accessed 2015-10-13)}
}

@misc{nist_workshop,
  author        = {{National Institute of Standards and Technology}},
  title         = {Workshop on Cybersecurity in a Post-Quantum World},
  year          = {2015},
  note          = {\url{http://www.nist.gov/itl/csd/ct/post-quantum-crypto-workshop-2015.cfm}}
}

@inproceedings{kirchner2015bkw,
  author        = {Paul Kirchner and Pierre-Alain Fouque},
  title         = {An Improved {BKW} Algorithm for {LWE} with Applications to Cryptography and Lattices},
  booktitle     = {Advances in Cryptology -- {CRYPTO 2015}},
  editor        = {Rosario Gennaro and Matthew Robshaw},
  publisher     = SV,
  series        = LNCS,
  volume        = {9215},
  year          = {2015},
  pages         = {43--62},
  note          = {\url{https://eprint.iacr.org/2015/552/}},
}

@book{conway2013sphere,
  author        = {Jon Conway and Neil J. A. Sloane},
  title         = {Sphere packings, lattices and groups},
  publisher     = {Springer Science \& Business Media},
  series        = {Grundlehren der mathematischen Wissenschaften},
  edition       = {3rd},
  volume        = {290},
  year          = {1999},
}

@misc{dimensions,
  author        = {Jos Leys and \'Etienne Ghys and Au\'elien Alvarez},
  title         = {Dimensions},
  year          = {2010},
  note          = {\url{http://www.dimensions-math.org/} (accessed 2015-10-19)}
 }

@misc{Sridharan,
  author        = {Sridharan, Karthik},
  title         = {A Gentle Introduction to Concentration Inequalities},
  note          = {\url{http://www.cs.cornell.edu/~sridharan/concentration.pdf}}
}

@incollection {vershynin12,
  author        = {Roman Vershynin},
  title         = {Introduction to the non-asymptotic analysis of random matrices},
  booktitle     = {Compressed sensing},
  publisher     = {Cambridge University Press},
  year          = {2012},
  pages         = {210--268},
	note	        = {\url{http://www-personal.umich.edu/~romanv/papers/non-asymptotic-rmt-plain.pdf}}
}

@article{regev2009lwe,
  author        = {Oded Regev},
  title         = {On lattices, learning with errors, random linear codes, and cryptography},
  journal       = {Journal of the ACM},
  publisher     = {ACM},
  volume        = {56},
  number        = {6},
  pages         = {34},
  year          = {2009},
  note          = {\url{http://www.cims.nyu.edu/~regev/papers/qcrypto.pdf}},
}

@article{schnorr1994bkz,
  author        = {Claus-Peter Schnorr and Martin Euchner},
  title         = {Lattice basis reduction: improved practical algorithms and solving subset sum problems},
  journal       = {Mathematical programming},
  publisher     = {Springer},
  volume        = {66},
  number        = {1-3},
  year          = {1994},
  pages         = {181--199},
  note          = {\url{http://www.csie.nuk.edu.tw/~cychen/Lattices/Lattice\%20Basis\%20Reduction_\%20Improved\%20Practical\%20Algorithms\%20and\%20Solving\%20Subset\%20Sum\%20Problems.pdf}},
}

@incollection{chen2011bkz,
  author        = {Yuanmi Chen and Phong Q. Nguyen},
  title         = {{BKZ 2.0}: Better lattice security estimates},
  booktitle     = {Advances in Cryptology -- {ASIACRYPT 2011}},
  editor        = {Dong Hoon Lee and Xiaoyun Wang},
  publisher     = SV,
  series        = LNCS,
  volume        = {7073},
  year          = {2011},
  pages         = {1--20},
  note          = {\url{http://www.iacr.org/archive/asiacrypt2011/70730001/70730001.pdf}},
}

@phdthesis{chen2013,
  author        = {Yuanmi Chen},
  title         = {Lattice reduction and concrete security of fully homomorphic encryption},
  year          = {2013},
	school        = {l'Universit\'e Paris Diderot},
  note          = {\url{http://www.di.ens.fr/~ychen/research/these.pdf}},
}

@article{nguyen2008sieve,
  author        = {Phong Q. Nguyen and Thomas Vidick},
  title         = {Sieve algorithms for the shortest vector problem are practical},
  journal       = {Journal of Mathematical Cryptology},
  volume        = {2},
  number        = {2},
  year          = {2008},
  pages         = {181--207},
  note          = {\url{ftp://ftp.di.ens.fr/pub/users/pnguyen/JoMC08.pdf}},
}

@inproceedings{micciancio2010faster,
  author        = {Daniele Micciancio and Panagiotis Voulgaris},
  title         = {Faster exponential time algorithms for the shortest vector problem},
  booktitle     = {SODA '10 Proceedings of the twenty-first annual ACM-SIAM symposium on Discrete Algorithms},
  publisher     = {SIAM},
  pages         = {1468--1480},
  year          = {2010},
  note          = {\url{http://dl.acm.org/citation.cfm?id=1873720}},
}

@inproceedings{laarhoven2015lsh,
  author        = {Laarhoven, Thijs},
  title         = {Sieving for shortest vectors in lattices using angular locality-sensitive hashing},
  booktitle     = {Advances in Cryptology -- {CRYPTO 2015}},
  editor        = {Rosiario Gennaro and Matthew Robshaw},
  publisher     = SV,
  series        = LNCS,
  volume        = {9216},
  year          = {2015},
  pages         = {3--22},
  note          = {\url{https://eprint.iacr.org/2014/744/}},
}

@inproceedings{becker2015lsf,
  author        = {Anja Becker and L\'eo Ducas and Nicolas Gama and Thijs Laarhoven},
  title         = {New directions in nearest neighbor searching with applications to lattice sieving},
  booktitle     = {SODA '16 Proceedings of the twenty-seventh annual ACM-SIAM symposium on Discrete Algorithms},
  publisher     = {SIAM},
  year          = {2016 (to appear)},
}

@article{laarhoven2014quantum,
  author        = {Thijs Laarhoven and Michele Mosca and Joop van de Pol},
  title         = {Finding shortest lattice vectors faster using quantum search},
  journal       = {Designs, Codes and Cryptography},
  publisher     = {Springer},
  volume        = {77},
  number        = {2},
  year          = {2015},
  pages         = {375--400},
  note          = {https://eprint.iacr.org/2014/907/},
}

@article{cerf2000nested,
  author        = {Nicolas J. Cerf and Lov K. Grover and Colin P. Williams},
  title         = {Nested quantum search and structured problems},
  journal       = {Physical Review A},
  publisher     = {APS},
  volume        = {61},
  number        = {3},
  pages         = {032303},
  year          = {2000},
}

@inproceedings{cowie1996world,
  author        = {James Cowie and Bruce Dodson and R. Marije Elkenbracht-Huizing and Arjen K. Lenstra and Peter L. Montgomery and Joerg Zayer},
  title         = {A world wide number field sieve factoring record: on to 512 bits},
  booktitle     = {Advances in Cryptology -- {ASIACRYPT'96}},
  editor        = {Kwangjo Kim and Tsutomu Matsumoto},
  publisher     = SV,
  series        = LNCS,
  volume        = {1163},
  year          = {1996},
  pages         = {382--394},
  note          = {\url{http://oai.cwi.nl/oai/asset/1940/1940A.pdf}},
}

@inproceedings{brakerski2013classical,
  author        = {Zvika Brakerski and Adeline Langlois and Chris Peikert and Oded Regev and Damien Stehl{\'e}},
  title         = {Classical hardness of learning with errors},
  booktitle     = {Proceedings of the forty-fifth annual ACM symposium on Theory of computing},
  publisher     = {ACM},
  year          = {2013},
  pages         = {575--584},
  note          = {\url{http://arxiv.org/pdf/1306.0281}},
}

@phdthesis{LaarhovenThesis,
  author        = {Laarhoven, Thijs},
  title         = {Search problems in cryptography},
  school        = {Eindhoven University of Technology} ,
  year          = {2015},
  note          = {\url{http://www.thijs.com/docs/phd-final.pdf}}
}

@misc{hoffstein2015choosing,
  author        = {Jeff Hoffstein and Jill Pipher and John M. Schanck and Joseph H. Silverman and William Whyte and Zhenfei Zhang},
  title         = {Choosing Parameters for {NTRUEncrypt}},
  howpublished  = {{IACR} Cryptology ePrint Archive report 2015/708},
  year          = {2015},
  note          = {\url{http://eprint.iacr.org/2015/708}}
}

@misc{cryptoeprint:2016:085,
  author        = {Scott Fluhrer},
  title         = {Cryptanalysis of ring-{LWE} based key exchange with key share reuse},
  howpublished  = {{IACR} Cryptology ePrint Archive report 2016/085},
  year          = {2016},
  note          = {\url{http://eprint.iacr.org/2016/085}},
}

@misc{bai2016subfield,
  author        = {Albrecht, Martin and Bai, Shi and Ducas, L{\'e}o},
  title         = {A subfield lattice attack on overstretched {NTRU} assumptions},
  howpublished  = {{IACR} Cryptology ePrint Archive report 2016/127},
  year          = {2016},
  note          = {\url{http://eprint.iacr.org/2016/127}}
}

@misc{ding2012simple,
  author        = {Jintai Ding and Xiang Xie and Xiaodong Lin},
  title         = {A Simple Provably Secure Key Exchange Scheme Based on the Learning with Errors Problem},
  howpublished  = {{IACR} Cryptology ePrint Archive report 2012/688},
  year          = {2012},
  note          = {\url{http://eprint.iacr.org/2012/688}}
}

@misc{montanaro2015quantum,
  author        = {Montanaro, Ashley},
  title         = {Quantum walk speedup of backtracking algorithms},
  howpublished  = {arXiv preprint arXiv:1509.02374},
  year          = {2015},
  note          = {\url{http://arxiv.org/pdf/1509.02374v2}}
}

@inproceedings{gentry2002cryptanalysis,
  author        = {Craig Gentry and Mike Szydlo},
  title         = {Cryptanalysis of the revised {NTRU} signature scheme},
  booktitle     = {Advances in Cryptology -- {EUROCRYPT 2002}},
  editor        = {Lars R. Knudsen},
  publisher     = SV,
  series        = LNCS,
  volume        = {2332},
  year          = {2002},
  pages         = {299--320},
  note          = {\url{https://www.iacr.org/archive/eurocrypt2002/23320295/nsssign_short3.pdf}}
}

@incollection{lenstra2014revisiting,
  author        = {Lenstra, H. W. and Silverberg, A.},
  title         = {Revisiting the {Gentry-Szydlo} Algorithm},
  booktitle     = {Advances in Cryptology -- {CRYPTO 2014}},
  editor        = {Juan A. Garay and Rosario Gennaro},
  publisher     = SV,
  series        = LNCS,
  volume        = {8616},
  pages         = {280--296},
  year          = {2014},
  note          = {\url{https://eprint.iacr.org/2014/430}}
}

@inproceedings{garg2013candidate,
  author        = {Sanjam Garg and Craig Gentry and Shai Halevi},
  title         = {Candidate Multilinear Maps from Ideal Lattices.},
  booktitle     = {Advances in Cryptology -- {EUROCRYPT 2013}},
  editor        = {},
  publisher     = SV,
  series        = LNCS,
  volume        = {7881},
  year          = {2013},
  pages         = {1--17},
  note          = {\url{https://eprint.iacr.org/2012/610}}
}

@incollection{howgrave2007hybrid,
  author        = {Nick Howgrave-Graham},
  title         = {A hybrid lattice-reduction and meet-in-the-middle attack against {NTRU}},
  booktitle     = {Advances in Cryptology -- {CRYPTO 2007}},
  editor        = {Alfred Menezes},
  publisher     = SV,
  series        = LNCS,
  volume        = {4622},
  pages         = {150--169},
  year          = {2007},
  note          = {\url{http://www.iacr.org/archive/crypto2007/46220150/46220150.pdf}}
}

@misc{nistir_draft_report_2016,
  author        = {Lily Chen and Stephen Jordan and Yi-Kai Liu and Dustin Moody and Rene Peralta and Ray Perlner and Daniel Smith-Tone},
  title         = {{NIST IR 8105} DRAFT Report on Post-Quantum Cryptography},
  year          = {2016},
  note          = {\url{http://csrc.nist.gov/publications/drafts/nistir-8105/nistir_8105_draft.pdf}}
}
